<record><leader>00000cas a22000007i 4500</leader><controlfield tag="001">862978692</controlfield><controlfield tag="006">m     o  d        </controlfield><controlfield tag="007">cr |n|000|||||</controlfield><controlfield tag="008">860821d191u19uukyuir neo     0   a0eng  </controlfield><datafield ind1=" " ind2=" " tag="010"><subfield code="a">  2013272159</subfield></datafield><datafield ind1=" " ind2=" " tag="040"><subfield code="a">Nz</subfield><subfield code="b">eng</subfield><subfield code="e">rda</subfield><subfield code="c">Z5A</subfield><subfield code="d">DLC</subfield><subfield code="d">OCLCF</subfield></datafield><datafield ind1="0" ind2=" " tag="022"><subfield code="a">2332-5291</subfield><subfield code="2">1</subfield></datafield><datafield ind1="0" ind2=" " tag="029"><subfield code="a">NZ1</subfield><subfield code="b">15127461</subfield></datafield><datafield ind1=" " ind2=" " tag="042"><subfield code="a">msc</subfield><subfield code="a">nsdp</subfield></datafield><datafield ind1=" " ind2=" " tag="043"><subfield code="a">n-us-ky</subfield></datafield><datafield ind1="1" ind2="0" tag="050"><subfield code="a">ISSN RECORD</subfield></datafield><datafield ind1="0" ind2="0" tag="082"><subfield code="a">071</subfield><subfield code="2">23</subfield></datafield><datafield ind1="0" ind2=" " tag="130"><subfield code="a">Kentuckian (Hopkinsville, Ky. : Online)</subfield></datafield><datafield ind1=" " ind2="4" tag="222"><subfield code="a">The Kentuckian</subfield><subfield code="b">(Hopkinsville, Ky. Online)</subfield></datafield><datafield ind1="1" ind2="4" tag="245"><subfield code="a">The Kentuckian.</subfield></datafield><datafield ind1=" " ind2="1" tag="264"><subfield code="a">Hopkinsville, Kentucky :</subfield><subfield code="b">Kentuckian Co.</subfield></datafield><datafield ind1=" " ind2=" " tag="310"><subfield code="a">Three times a week</subfield></datafield><datafield ind1=" " ind2=" " tag="321"><subfield code="a">Semiweekly</subfield></datafield><datafield ind1=" " ind2=" " tag="336"><subfield code="a">text</subfield><subfield code="b">txt</subfield><subfield code="2">rdacontent</subfield></datafield><datafield ind1=" " ind2=" " tag="337"><subfield code="a">computer</subfield><subfield code="b">c</subfield><subfield code="2">rdamedia</subfield></datafield><datafield ind1=" " ind2=" " tag="338"><subfield code="a">online resource</subfield><subfield code="b">cr</subfield><subfield code="2">rdacarrier</subfield></datafield><datafield ind1=" " ind2=" " tag="516"><subfield code="a">Text (electronic journal).</subfield></datafield><datafield ind1=" " ind2=" " tag="588"><subfield code="a">Description based on: Vol. XLI, no. 2 (April 9, 1919); title from masthead (Chroniclingamerica.loc.gov, viewed December 4, 2013).</subfield></datafield><datafield ind1=" " ind2=" " tag="588"><subfield code="a">Latest issue consulted: Vol. XLI, no. 81 (December 25, 1919) (Chroniclingamerica.loc.gov, viewed December 4, 2013).</subfield></datafield><datafield ind1=" " ind2="0" tag="651"><subfield code="a">Hopkinsville (Ky.)</subfield><subfield code="v">Newspapers.</subfield></datafield><datafield ind1=" " ind2="7" tag="655"><subfield code="a">Newspapers.</subfield><subfield code="2">fast</subfield><subfield code="0">(OCoLC)fst01423814</subfield></datafield><datafield ind1=" " ind2="7" tag="651"><subfield code="a">Kentucky</subfield><subfield code="z">Hopkinsville.</subfield><subfield code="2">fast</subfield><subfield code="0">(OCoLC)fst01218845</subfield></datafield><datafield ind1=" " ind2=" " tag="752"><subfield code="a">United States</subfield><subfield code="b">Kentucky</subfield><subfield code="c">Christian</subfield><subfield code="d">Hopkinsville.</subfield></datafield><datafield ind1="0" ind2="8" tag="776"><subfield code="i">Originally issued in print:</subfield><subfield code="t">Kentuckian (Hopkinsville, Ky.)</subfield><subfield code="x">2332-5283</subfield><subfield code="w">(DLC)sn 86069398</subfield><subfield code="w">(OCoLC)14119673</subfield></datafield><datafield ind1="0" ind2="0" tag="780"><subfield code="t">Daily Kentuckian (Hopkinsville, Ky. : 1918: Online)</subfield><subfield code="x">2326-6252</subfield><subfield code="w">(DLC)  2013218547</subfield><subfield code="w">(OCoLC)827238885</subfield></datafield><datafield ind1="4" ind2="0" tag="856"><subfield code="u">http://www.loc.gov/chroniclingamerica/lccn/sn86069398/issues</subfield></datafield></record>